@article{cook2009ambient,
  author  = {Cook, Diane J. and Augusto, Juan C. and Jakkula, V. R.},
  title   = {Ambient Intelligence: Technologies, Applications, and Opportunities},
  journal = {Pervasive and Mobile Computing},
  volume  = {5},
  number  = {4},
  pages   = {277--298},
  year    = {2009},
  doi     = {10.1016/j.pmcj.2009.03.004},
  url     = {https://doi.org/10.1016/j.pmcj.2009.03.004}
}

@inproceedings{lin2014microsoft,
  author    = {Lin, Tsung{-}Yi and Maire, Michael and Belongie, Serge and Hays, James and Perona, Pietro and Ramanan, Deva and Dollár, Piotr and Zitnick, C. Lawrence},
  title     = {Microsoft COCO: Common Objects in Context},
  booktitle = {European Conference on Computer Vision (ECCV)},
  pages     = {740--755},
  year      = {2014},
  doi       = {10.1007/978-3-319-10602-1\_48},
  url       = {https://doi.org/10.1007/978-3-319-10602-1_48}
}

@inproceedings{shao2019objects365,
  author    = {Shao, Jianan and Pang, Yu and Zhang, Xiaohan and Li, Jian and Liang, Hao and Liu, Fang and Hu, Liqiang and Lin, Liang},
  title     = {Objects365: A Large-Scale, High-Quality Dataset for Object Detection},
  booktitle = {Proc.\ IEEE/CVF Int.\ Conf.\ Computer Vision (ICCV)},
  pages     = {10\,029--10\,038},
  year      = {2019},
  doi       = {10.1109/ICCV.2019.01029},
  url       = {https://doi.org/10.1109/ICCV.2019.01029}
}

@article{wang2022yolov7,
  author  = {Wang, Chien{-}Yao and Bochkovskiy, Alexey and Liao, Hong{-}Yuan Mark},
  title   = {YOLOv7: Trainable Bag-of-Freebies Sets New State-of-the-Art for Real-Time Object Detectors},
  journal = {arXiv preprint arXiv:2207.02696},
  year    = {2022},
  url     = {https://arxiv.org/abs/2207.02696}
}

@inproceedings{howard2019mobilenetv3,
  author    = {Howard, Andrew and Sandler, Mark and Chu, Grace and Chen, Bharath and Chen, Liang{-}Chieh and Tan, Mingxing and Wang, Weijun and Zhu, Yukun and Pang, Ruoming and Vasudevan, Vijay and Le, Quoc V.},
  title     = {Searching for MobileNetV3},
  booktitle = {Proc.\ IEEE/CVF Int.\ Conf.\ Computer Vision (ICCV)},
  pages     = {1314--1324},
  year      = {2019},
  doi       = {10.1109/ICCV.2019.00140},
  url       = {https://doi.org/10.1109/ICCV.2019.00140}
}

@inproceedings{micikevicius2018mixed,
  author    = {Micikevicius, Paulius and Narang, Sharan and Alben, Jonah and Diamos, Gregory and Elsen, Erich and Garcia, David and Ginsburg, Boris and Houston, Michael and Kuchaiev, Oleksii and Venkatesh, Ganesh and Wu, Hao},
  title     = {Mixed Precision Training},
  booktitle = {International Conference on Learning Representations (ICLR)},
  year      = {2018},
  url       = {https://openreview.net/forum?id=r1gs9JHFwS}
}

@inproceedings{wojke2017simple,
  author    = {Wojke, Nicolai and Bewley, Alex and Paulus, Dietrich},
  title     = {Simple Online and Realtime Tracking with a Deep Association Metric},
  booktitle = {2017 IEEE International Conference on Image Processing (ICIP)},
  pages     = {3645--3649},
  year      = {2017},
  doi       = {10.1109/ICIP.2017.8296962},
  url       = {https://doi.org/10.1109/ICIP.2017.8296962}
}

@inproceedings{zhang2022bytetrack,
  author    = {Zhang, Yifu and Ge, Wenbo and Wang, Chien{-}Yao and Wang, Xiang and Li, Shifeng and Sun, Jian and Liu, Wentao},
  title     = {ByteTrack: Multi-Object Tracking by Associating Every Detection Box},
  booktitle = {European Conference on Computer Vision (ECCV)},
  pages     = {1--21},
  year      = {2022},
  doi       = {10.1007/978-3-031-19766-0\_1},
  url       = {https://doi.org/10.1007/978-3-031-19766-0_1}
}

@techreport{tangaro2025homeobjects3k,
  author      = {Tangaro, Antonio},
  title       = {HomeObjects-3K: A 3,000-Image Dataset of Household Items for Detection and Segmentation},
  institution = {University of Padova},
  type        = {Technical Report},
  year        = {2025},
  url         = {https://github.com/antoniotangaro/HomeObjects-3K}
}

@inproceedings{he2017maskrcnn,
  author    = {He, Kaiming and Gkioxari, Georgia and Dollár, Piotr and Girshick, Ross},
  title     = {Mask R-CNN},
  booktitle = {Proc.\ IEEE Int.\ Conf.\ Computer Vision (ICCV)},
  pages     = {2980--2988},
  year      = {2017},
  doi       = {10.1109/ICCV.2017.322},
  url       = {https://doi.org/10.1109/ICCV.2017.322}
}

@inproceedings{bochinski2017high,
  author    = {Bochinski, Eugene and Senst, Tim and Meyer, Jenny},
  title     = {High-Speed Tracking-by-Detection without Using Image Information},
  booktitle = {2017 14th IEEE International Conference on Advanced Video and Signal Based Surveillance (AVSS)},
  pages     = {1--6},
  year      = {2017},
  doi       = {10.1109/AVSS.2017.8078454},
  url       = {https://doi.org/10.1109/AVSS.2017.8078454}
}

@inproceedings{girshick2014rcnn,
  author    = {Girshick, Ross and Donahue, Jeff and Darrell, Trevor and Malik, Jitendra},
  title     = {Rich Feature Hierarchies for Accurate Object Detection and Semantic Segmentation},
  booktitle = {Proc.\ IEEE Conf.\ Computer Vision and Pattern Recognition (CVPR)},
  pages     = {580--587},
  year      = {2014},
  doi       = {10.1109/CVPR.2014.81},
  url       = {https://doi.org/10.1109/CVPR.2014.81}
}

@inproceedings{girshick2015fastrcnn,
  author    = {Girshick, Ross},
  title     = {Fast R-CNN},
  booktitle = {Proc.\ IEEE Int.\ Conf.\ Computer Vision (ICCV)},
  pages     = {1440--1448},
  year      = {2015},
  doi       = {10.1109/ICCV.2015.169},
  url       = {https://doi.org/10.1109/ICCV.2015.169}
}

@inproceedings{redmon2017yolo9000,
  author    = {Redmon, Joseph and Farhadi, Ali},
  title     = {YOLO9000: Better, Faster, Stronger},
  booktitle = {Proc.\ IEEE Conf.\ Computer Vision and Pattern Recognition (CVPR)},
  pages     = {7263--7271},
  year      = {2017},
  doi       = {10.1109/CVPR.2017.690},
  url       = {https://doi.org/10.1109/CVPR.2017.690}
}

@inproceedings{sandler2018mobilenetv2,
  author    = {Sandler, Mark and Howard, Andrew and Zhu, Menglong and Zhmoginov, Andrey and Chen, Liang{-}Chieh},
  title     = {MobileNetV2: Inverted Residuals and Linear Bottlenecks},
  booktitle = {Proc.\ IEEE Conf.\ Computer Vision and Pattern Recognition (CVPR)},
  pages     = {4510--4520},
  year      = {2018},
  doi       = {10.1109/CVPR.2018.00474},
  url       = {https://doi.org/10.1109/CVPR.2018.00474}
}

@inproceedings{chollet2017xception,
  author    = {Chollet, François},
  title     = {Xception: Deep Learning with Depthwise Separable Convolutions},
  booktitle = {Proc.\ IEEE Conf.\ Computer Vision and Pattern Recognition (CVPR)},
  pages     = {1251--1258},
  year      = {2017},
  doi       = {10.1109/CVPR.2017.195},
  url       = {https://doi.org/10.1109/CVPR.2017.195}
}

@article{bochkovskiy2020yolov4,
  author  = {Bochkovskiy, Alexey and Wang, Chien{-}Yao and Liao, Hong{-}Yuan Mark},
  title   = {YOLOv4: Optimal Speed and Accuracy of Object Detection},
  journal = {arXiv preprint arXiv:2004.10934},
  year    = {2020},
  url     = {https://arxiv.org/abs/2004.10934}
}

@inproceedings{bolya2019yolact,
  author    = {Bolya, Daniel and Zhou, Chong and Xiao, Fanyi and Lee, Yong Jae},
  title     = {YOLACT: Real-time Instance Segmentation},
  booktitle = {Proc.\ IEEE/CVF Int.\ Conf.\ Computer Vision (ICCV)},
  pages     = {9157--9166},
  year      = {2019},
  doi       = {10.1109/ICCV.2019.00931},
  url       = {https://doi.org/10.1109/ICCV.2019.00931}
}

@inproceedings{sun2019deep,
  author    = {Sun, Ke and Xiao, Bin and Liu, Dong and Wang, Jingdong},
  title     = {Deep High-Resolution Representation Learning for Human Pose Estimation},
  booktitle = {Proc.\ IEEE/CVF Conf.\ Computer Vision and Pattern Recognition (CVPR)},
  pages     = {5693--5703},
  year      = {2019},
  doi       = {10.1109/CVPR.2019.00586},
  url       = {https://doi.org/10.1109/CVPR.2019.00586}
}

@inproceedings{bewley2016simple,
  author    = {Bewley, Alex and Ge, Wenhan and Ott, Luke and Ramos, Fabio and Upcroft, Ben},
  title     = {Simple Online and Realtime Tracking},
  booktitle = {2016 IEEE International Conference on Image Processing (ICIP)},
  pages     = {3464--3468},
  year      = {2016},
  doi       = {10.1109/ICIP.2016.7533003},
  url       = {https://doi.org/10.1109/ICIP.2016.7533003}
}

@inproceedings{tremblay2018training,
  author    = {Tremblay, Jonathan and Prakash, Aniket and Acuna, Daniel and Brophy, Mark and Jampani, Varun and Anil, Chethan and To, Jacob and Cameracci, John and Chebotar, Yevgen and Doytchinov, Ivan and Birchfield, Stan},
  title     = {Training Deep Networks with Synthetic Data: Bridging the Reality Gap by Domain Randomization},
  booktitle = {Proc.\ IEEE/CVF Conf.\ Computer Vision and Pattern Recognition Workshops (CVPRW)},
  pages     = {969--977},
  year      = {2018},
  doi       = {10.1109/CVPRW.2018.00127},
  url       = {https://doi.org/10.1109/CVPRW.2018.00127}
}

@book{bradski2008learning,
  author    = {Bradski, Gary and Kaehler, Adrian},
  title     = {Learning OpenCV: Computer Vision with the OpenCV Library},
  publisher = {O'Reilly Media},
  year      = {2008},
  address   = {Sebastopol, CA}
}

@article{paszke2019pytorch,
  author  = {Paszke, Adam and Gross, Sam and Massa, Francisco and Lerer, Adam and Bradbury, James and Chanan, Gregory and Killeen, Trevor and Lin, Zeming and Gimelshein, Natalia and Antiga, Luca and Desmaison, Alban and Kopf, Andreas and Yang, Edward and DeVito, Zachary and Raison, Martin and Tejani, Alykhan and Chilamkurthy, Sasank and Steiner, Benoit and Fang, Lu and Bai, Junjie and Chintala, Soumith},
  title   = {PyTorch: An Imperative Style, High-Performance Deep Learning Library},
  journal = {Advances in Neural Information Processing Systems},
  volume  = {32},
  pages   = {8024--8035},
  year    = {2019}
}

@article{redmon2018yolov3,
  author  = {Redmon, Joseph and Farhadi, Ali},
  title   = {YOLOv3: An Incremental Improvement},
  journal = {arXiv preprint arXiv:1804.02767},
  year    = {2018},
  url     = {https://arxiv.org/abs/1804.02767}
}

@inproceedings{neubeck2006efficient,
  author    = {Neubeck, Alexander and Van Gool, Luc},
  title     = {Efficient Non-Maximum Suppression},
  booktitle = {18th Int.\ Conf.\ Pattern Recognition (ICPR)},
  pages     = {850--855},
  year      = {2006}
}

@article{brown1959exponentially,
  author  = {Brown, Robert G.},
  title   = {Smoothing, Forecasting and Prediction of Discrete Time Series},
  journal = {Prentice-Hall},
  year    = {1959}
}

@inproceedings{cao2018openpose,
  author    = {Cao, Zhe and Simon, Tomas and Wei, Shih{-}En and Sheikh, Yaser},
  title     = {OpenPose: Real-Time Multi-Person 2D Pose Estimation Using Part Affinity Fields},
  booktitle = {Proc.\ IEEE/CVF Conf.\ Computer Vision and Pattern Recognition (CVPR)},
  pages     = {7291--7299},
  year      = {2018}
}

@inproceedings{loshchilov2016sgdr,
  author    = {Loshchilov, Ilya and Hutter, Frank},
  title     = {SGDR: Stochastic Gradient Descent with Warm Restarts},
  booktitle = {International Conference on Learning Representations (ICLR)},
  year      = {2017},
  url       = {https://arxiv.org/abs/1608.03983}
}

@inproceedings{zhang2017mixup,
  author    = {Zhang, Hongyi and Cisse, Moustapha and Dauphin, Yann N. and Lopez-Paz, David},
  title     = {mixup: Beyond Empirical Risk Minimization},
  booktitle = {International Conference on Learning Representations (ICLR)},
  year      = {2018},
  url       = {https://openreview.net/forum?id=r1Ddpz-Rb}
}

@article{loshchilov2019decoupled,
  author  = {Loshchilov, Ilya and Hutter, Frank},
  title   = {Decoupled Weight Decay Regularization},
  journal = {International Conference on Learning Representations (ICLR)},
  year    = {2019},
  url     = {https://openreview.net/forum?id=Bkg6RiCqY7}
}

@inproceedings{yun2019cutmix,
  author    = {Yun, Sangdoo and Han, Dongyoon and Oh, Seong Joon and Chun, Sanghyuk and Choe, Jiajun and Yoo, Youngjoon},
  title     = {CutMix: Regularization Strategy to Train Strong Classifiers with Localizable Features},
  booktitle = {Proceedings of the IEEE/CVF International Conference on Computer Vision (ICCV)},
  pages     = {6023--6032},
  year      = {2019},
  doi       = {10.1109/ICCV.2019.00609},
  url       = {https://doi.org/10.1109/ICCV.2019.00609}
}